@book{hardy2008numbers,
  author = {G. H. Hardy and E. M. Wright},
  title = {An Introduction to the Theory of Numbers},
  year = {2008},
  publisher = {Oxford University Press}
}
