@article{papaloizou1978,
  title={Non-radial oscillations of rotating stars and their relevance to the short-period oscillations of cataclysmic variables},
  author={Papaloizou, J. and Pringle, J. E.},
  journal={Monthly Notices of the Royal Astronomical Society},
  volume={182},
  number={3},
  pages={423--442},
  year={1978},
  publisher={Oxford University Press Oxford, UK}
}

@article{Zhang2001,
       author = {{Zhang}, Keke and {Earnshaw}, Paul and {Liao}, Xinhao and {Busse}, F.~H.},
        title = "{On inertial waves in a rotating fluid sphere}",
      journal = {Journal of Fluid Mechanics},
         year = 2001,
        month = jun,
       volume = {437},
       number = {1},
        pages = {103-119},
          doi = {10.1017/S0022112001004049},
       adsurl = {https://ui.adsabs.harvard.edu/abs/2001JFM...437..103Z},
      adsnote = {Provided by the SAO/NASA Astrophysics Data System}
}

